<record><leader>00000cas a2200000 a 4500</leader><controlfield tag="001">13507228</controlfield><controlfield tag="008">860429c18859999nyuwr ne      0    0eng c</controlfield><datafield ind1=" " ind2=" " tag="010"><subfield code="a">sn 86033356 </subfield></datafield><datafield ind1=" " ind2=" " tag="040"><subfield code="a">NYG</subfield><subfield code="b">eng</subfield><subfield code="c">NYG</subfield><subfield code="d">NYS</subfield><subfield code="d">OCLCQ</subfield><subfield code="d">OCLCF</subfield><subfield code="d">OCLCO</subfield></datafield><datafield ind1="1" ind2=" " tag="029"><subfield code="a">AU@</subfield><subfield code="b">000025796868</subfield></datafield><datafield ind1=" " ind2=" " tag="042"><subfield code="a">pcc</subfield></datafield><datafield ind1=" " ind2=" " tag="043"><subfield code="a">n-us-ny</subfield></datafield><datafield ind1="0" ind2="0" tag="245"><subfield code="a">Boonville herald and Adirondack tourist.</subfield></datafield><datafield ind1="1" ind2=" " tag="246"><subfield code="i">Published as:</subfield><subfield code="a">Boonville herald</subfield><subfield code="f">&lt;Sept. 30-Nov. 18, 1896&gt;</subfield></datafield><datafield ind1="1" ind2=" " tag="246"><subfield code="i">Summer 1955 issue titled:</subfield><subfield code="a">Black River herald</subfield></datafield><datafield ind1=" " ind2=" " tag="260"><subfield code="a">Boonville, N.Y. :</subfield><subfield code="b">Willard &amp; Sons,</subfield><subfield code="c">1885-</subfield></datafield><datafield ind1=" " ind2=" " tag="300"><subfield code="a">v. :</subfield><subfield code="b">ill. ;</subfield><subfield code="c">62 cm.</subfield></datafield><datafield ind1=" " ind2=" " tag="310"><subfield code="a">Weekly</subfield></datafield><datafield ind1="0" ind2=" " tag="362"><subfield code="a">Vol. 32, no. 10 (May 7, 1885)-</subfield></datafield><datafield ind1=" " ind2=" " tag="500"><subfield code="a">Publishers: Willard &amp; Sons, 1885-&lt;1886&gt;; Willard Bros., &lt;1888&gt;; Garry A. Willard, &lt;1891-1933&gt;; Garry A. Willard Estate, &lt;1936-1937&gt;; Gladys Willard Musser, &lt;1940-1951&gt;; Gladys Willard Musser Estate, &lt;1955-1956&gt;; William O. Frey and Russell W Frey, &lt;1960-1971&gt;; Livingston Lansing; Black River Pub. Co., &lt;1981&gt;.</subfield></datafield><datafield ind1=" " ind2="0" tag="651"><subfield code="a">Boonville (N.Y.)</subfield><subfield code="v">Newspapers.</subfield></datafield><datafield ind1=" " ind2="0" tag="651"><subfield code="a">Oneida County (N.Y.)</subfield><subfield code="v">Newspapers.</subfield></datafield><datafield ind1=" " ind2="7" tag="655"><subfield code="a">Newspapers.</subfield><subfield code="2">fast</subfield><subfield code="0">(OCoLC)fst01423814</subfield></datafield><datafield ind1=" " ind2="7" tag="651"><subfield code="a">New York (State)</subfield><subfield code="z">Boonville.</subfield><subfield code="2">fast</subfield><subfield code="0">(OCoLC)fst01220522</subfield></datafield><datafield ind1=" " ind2="7" tag="651"><subfield code="a">New York (State)</subfield><subfield code="z">Oneida County.</subfield><subfield code="2">fast</subfield><subfield code="0">(OCoLC)fst01209049</subfield></datafield><datafield ind1=" " ind2=" " tag="752"><subfield code="a">United States</subfield><subfield code="b">New York</subfield><subfield code="c">Oneida</subfield><subfield code="d">Boonville.</subfield></datafield><datafield ind1="0" ind2="0" tag="780"><subfield code="t">Boonville herald (Boonville, N.Y.)</subfield><subfield code="w">(DLC)sn 83030946</subfield><subfield code="w">(OCoLC)9719047</subfield></datafield></record>